@online{lam2025,
  author   = {Chester Lam},
  title    = {Analyzing Lion Cove's Memory Subsystem in Arrow Lake},
  year     = {2025},
  date     = {2025-01-06},
  url      = {https://chipsandcheese.com/p/analyzing-lion-coves-memory-subsystem},
  urldate  = {2025-06-06},
  note     = {Chips and Cheese technical article}
}

@online{crucialDDR5,
  author   = {{Micron Technology, Inc.}},
  title    = {The Difference Between RAM Speed and CAS Latency},
  year     = {2025},
  url      = {https://www.crucial.com/articles/about-memory/difference-between-speed-and-latency},
  urldate  = {2025-06-06},
  note     = {Crucial Knowledge-Base article}
}

@inproceedings{olmez2024,
  author    = {Serkay Olmez and Yifan Dai and John Bent and Remzi H.~Arpaci-Dusseau},
  title     = {Revisiting HDD Rules of Thumb: 1/3 Is Not (Quite) the Average Seek Distance},
  booktitle = {20th IEEE/NASA Goddard Conference on Mass Storage Systems and Technologies (MSST~'24)},
  year      = {2024},
  url       = {https://www.msstconference.org/MSST-history/2024/Papers/msst24-1.1.pdf},
  urldate   = {2025-06-06}
}

@misc{perfwiki2025,
  author       = {{perf: Linux profiling with performance counters}},
  title        = {perf: Linux profiling with performance counters, mainpage},
  year         = {2025},
  howpublished = {\url{https://perfwiki.github.io/main/}},
  note         = {Accessed: 5 June 2025}
}
